@ARTICLE{Ghorani-Azam2016-xh,
	AUTHOR =  {Ghorani-Azam, Adel and Riahi-Zanjani, Bamdad and Balali-Mood,
	Mahdi},
	TITLE =  {Effects of air pollution on human health and practical measures
	for prevention in Iran},
	JOURNAL =  {J. Res. Med. Sci.},
	YEAR =  {2016},
	Volume =  {21},
	NUMBER =  {1},
	MONTH =  {sep},
	PAGES =  {65},
}

@ARTICLE{Faridi2022-rz,
	AUTHOR =  {Faridi, Sasan and Bayat, Reza and Cohen, Aaron J and
	Sharafkhani, Ensieh and Brook, Jeffrey R and Niazi, Sadegh and
	Shamsipour, Mansour and Amini, Heresh and Naddafi, Kazem and
	Hassanvand, Mohammad Sadegh},
	TITLE =  {Health burden and economic loss attributable to ambient {PM2.5}
	in Iran based on the ground and satellite data},
	JOURNAL =  {Sci. Rep.},
	YEAR =  {2022},
	Volume =  {12},
	NUMBER =  {1},
	MONTH =  {aug},
	PAGES =  {14386},
}

@report{tehranair1400,
	author = { روشنی, محسن and احمدی,سولماز and شهبازی,حسین and احمدی,نوشین},
	title = {گزارش کیفیت هوا و صدای تهران در سال ۱۴۰۰},
	institution = {شرکت کنترل کیفیت هوای تهران},
	month = 		 {اردیبهشت},
	year = {1401},
	LANGUAGE =     {Persian}
}
@report{tehranairworldbank,
	author = {Heger,Martin and Sarraf,Maria},
	title = {Air Pollution in Tehran: Health Costs, Sources, and Policies},
	institution = {World Bank},
	month =  {April},
	year = {2016},
}
@ARTICLE{safavi,
	AUTHOR =  {صفوی,سید یحیی and بهلول,علیجانی},
	TITLE =  {بررسی عوامل جغرافیایی در آلودگی هوای تهران},
	JOURNAL =  {پژوهشهای جغرافیایی},
	YEAR =  {1385},
	Volume =  {1},
	NUMBER =  {58},
	MONTH =  {زمستان},
	PAGES =  {99-112},
	LANGUAGE =   {Persian}
}
@ARTICLE{lashkari,
	AUTHOR =  {لشکری,حسن and هدایت,پریسا},
	TITLE =  {تحلیل الگوی سینوپتیکی اینورژن‌های شدید شهر تهران},
	JOURNAL =  {پژوهشهای جغرافیایی},
	YEAR =  {1385},
	Volume =  {1},
	NUMBER =  {56},
	MONTH =  {تابستان},
	PAGES =  {65-82},
	LANGUAGE =   {Persian}
}
@ARTICLE{salighe,
	AUTHOR =  {سلیقه,محمد},
	TITLE =  {تغییرات آب‌و‌هوا و مخاطرات آب‌و‌هوایی شهر تهران},
	JOURNAL =  {تحلیل فضایی مخاطرات محیطی},
	YEAR =  {1394},
	Volume =  {2},
	NUMBER =  {3},
	MONTH =  {تابستان},
	PAGES =  {15-32},
	LANGUAGE =   {Persian}
}
@BOOK{amarname1400,
	AUTHOR =       {سازمان فناوری اطلاعات و ارتباطات شهرداری تهران},
	TITLE =        {آمارنامه شهرداری تهران:سالنامه آماری شهرداری تهران ۱۴۰۰},
	PUBLISHER =    {نشر شهر},
	YEAR =         {۱۴۰۱},
	ADDRESS =      {تهران},
	MONTH =        {آبان},
	LANGUAGE =     {Persian}
}
@BOOK{amarname1400,
	AUTHOR =       {سازمان فناوری اطلاعات و ارتباطات شهرداری تهران},
	TITLE =        {آمارنامه شهرداری تهران:سالنامه آماری شهرداری تهران ۱۴۰۰},
	PUBLISHER =    {نشر شهر},
	YEAR =         {۱۴۰۱},
	ADDRESS =      {تهران},
	MONTH =        {آبان},
	LANGUAGE =     {Persian}
}
@book{salamat1395,
	title     = {آلودگی هوا و سلامت:مروری بر مطالعات و تحقیقات جهانی درباره اثرات آلودگی هوا بر سلامت},
	author    = {جمعی از نویسندگان},
	year      = {1395},
	publisher = {نشر شهر},
	address   = {تهران},
	LANGUAGE = {Persian}
}
@report{hemayat1400,
	author = {فرهنگستان علوم پزشکی},
	title = {سند جامع حمایت‌طلبی کنترل آلودگی هوا و کاهش پیامدهای آن بر سلامت},
	institution = {فرهنگستان علوم پزشکی},
	month = 		 {آبان},
	year = {1401},
	LANGUAGE =     {Persian}
}

@ARTICLE{tahami,
	AUTHOR =  {تهامی‌پور,مجتبی and مقیسه,مینا},
	TITLE =  {تحلیل هزینه-فایده اجتماعی تعویض مبدل‌های کاتالیستی غیرفعال در خودروهای سبک شهر تهران برای کاهش آلودگی هوا},
	JOURNAL =  {فصلنامه اقتصاد و برنامه‌ریزی شهری},
	YEAR =  {1401},
	Volume =  {3},
	NUMBER =  {1},
	MONTH =  {بهار},
	PAGES =  {104-120},
	LANGUAGE =   {Persian}
}
@article{Shahbazi_2016,
	doi = {10.1007/s40825-015-0031-x},
	url = {https://doi.org/10.1007%2Fs40825-015-0031-x},
	year = {2016},
	month = {jan},
	publisher = {Springer Science and Business Media {LLC}},
	volume = {2},
	number = {1},
	pages = {44--56},
	author = {Hossein Shahbazi and Masoud Reyhanian and Vahid Hosseini and Hossein Afshin},
	title = {The Relative Contributions of Mobile Sources to Air Pollutant Emissions in Tehran, Iran: an Emission Inventory Approach},
	journal = {Emission Control Science and Technology}
}
@report{fuelq1394,
	AUTHOR =  {نادری,مریم and حسینی,وحید},
	title = {پایش سوخت بنزین و دیزل شهر تهران-سال‌های ۱۳۹۰ تا ۱۳۹۳},
	institution = {شرکت کنترل کیفیت هوای تهران، شماره:QM94/02/01/(U)/01},
	month = 		 {تیر},
	year = {۱3۹۴},
	LANGUAGE =     {Persian}
}
@article{rahimi2020,
	year = {2020},
	month = {winter},
	volume = {5},
	number = {1},
	pages = {71-88},
	author = {Farid Rahimi},
	title = {Study of the effect of fuel consumption and geographic conditions on
	Tehran’s air pollution},
	journal = {Journal of Air Pollution and Health}
}
@Misc{nosazi,
	author       = {رسانه اقتصاد ترابری ترابران },
		title = {سونامی خودروهای فرسوده در راه است؛ گفتگو با رئیس انجمن صنفی اسقاط و بازیافت },
	howpublished = {\href{https://tarabaran.com/?p=11647}{\lr{https://tarabaran.com/?p=11647}}},
	year         = {1400},
	note         = {دسترسی:آذر 1401},
		LANGUAGE =     {Persian}
}
@report{majles1385,
	AUTHOR =  {تصدیقی,بهروز and سید نورانی,سید محمدرضا},
	title = {بررسی سیاست‌های جایگزینی خودروهای فرسوده در کشور},
	institution = {مرکز پژوهش‌های مجلس شورای اسلامی},
	month = 		 {مهر},
	year = {1385},
	LANGUAGE =     {Persian}
}
@report{divan1400,
	AUTHOR =  {دیوان محاسبات کشور، گزارش },
	title = {گزارش حسابرسی زیست‌محیطی نحوه اجرای قانون هوای پاک},
	institution = {دیوان محاسبات},
	month = 		 {آبان},
	year = {1400},
	LANGUAGE =     {Persian}
}
@report{divan1399,
	AUTHOR =  {دیوان محاسبات کشور، گزارش },
	title = {گزارش حسابرسی زیست‌محیطی},
	institution = {دیوان محاسبات کشور},
	month = 		 {اسفند},
	year = {۱۳۹۹},
	LANGUAGE =     {Persian}
}
@book{amarnaft1397,
	title     = {آمارنامه مصرف فرآورده‌های نفتی انرژی‌زا-1397},
	author    = {رستمی، فرهاد},
	year      = {1397},
	publisher = {شرکت ملی پخش فرآورده‌های نفتی ایران},
	address   = {تهران},
	LANGUAGE = {Persian}
}
@Misc{shahrdotir,
	author       = {خبرگزاری شهر },
	title = {کمبود ۱۵۰۰ واگن در ناوگان متروی پایتخت},
	howpublished = {\href{shahr.ir/x3F3}{\lr{shahr.ir/x3F3}}},
	year         = {1399},
	note         = {دسترسی:آذر 1401},
	LANGUAGE =     {Persian}
}
@report{majles1400,
	AUTHOR =  {اشجعی,بهزاد and سلیمانی,الهه},
	title = {آسیب‌شناسی قانون هوای پاک- بخش اول:عملکرد},
	institution = {مرکز پژوهش‌های مجلس شورای اسلامی},
	month = 		 {بهمن},
	year = {1400},
	LANGUAGE =     {Persian}
}
@report{majles1400b,
	AUTHOR =  {اشجعی,بهزاد and سلیمانی,الهه},
	title = {الزامات اجرای قانون هوای پاک با تاکید بر اعتبارات},
	institution = {مرکز پژوهش‌های مجلس شورای اسلامی},
	month = 		 {بهمن},
	year = {1400},
	LANGUAGE =     {Persian}
}